<?xml version="1.0" encoding="UTF-8"?><collection xmlns="http://www.loc.gov/MARC21/slim"><record><leader>00604nam--2200205-i-4500</leader><controlfield tag="001">000017032</controlfield><controlfield tag="002">20161230</controlfield><controlfield tag="005">20161230201032</controlfield><controlfield tag="008">060222s1000------------r-----000-0-rum-d</controlfield><datafield ind1=" " ind2=" " tag="040"><subfield code="a">IFIN-HH</subfield></datafield><datafield ind1=" " ind2=" " tag="041"><subfield code="a">rum</subfield></datafield><datafield ind1=" " ind2=" " tag="080"><subfield code="a">539.1:621.384.634.3</subfield></datafield><datafield ind1="1" ind2=" " tag="100"><subfield code="a">Baciu, George</subfield></datafield><datafield ind1="1" ind2="0" tag="245"><subfield code="a">Fizica fotonucleara si betatronul ca sursa de radiatii</subfield><subfield code="b">Prefata de acad. prof. ioan ursu</subfield><subfield code="c">George baciu, danila barb</subfield></datafield><datafield ind1=" " ind2=" " tag="260"><subfield code="a">Bucuresti</subfield><subfield code="b">Editura Tehnica</subfield><subfield code="c">1979</subfield></datafield><datafield ind1=" " ind2=" " tag="300"><subfield code="a">292P</subfield></datafield><datafield ind1=" " ind2=" " tag="490"><subfield code="a">Seria Fizica Moderna Si Aplicata</subfield></datafield><datafield ind1="1" ind2=" " tag="700"><subfield code="a">Barb, Danila</subfield></datafield><datafield ind1=" " ind2=" " tag="852"><subfield code="a">46119</subfield><subfield code="c">539</subfield></datafield><datafield ind1=" " ind2=" " tag="CAT"><subfield code="a">Sys</subfield><subfield code="c">20111011</subfield><subfield code="h">140256</subfield></datafield></record></collection>